@article{wagh2012comparative,
  title={A comparative study of soap vs rest web services provisioning techniques for mobile host},
  author={Wagh, Kishor and Thool, Ravindra},
  journal={Journal of Information Engineering and Applications},
  volume={2},
  number={5},
  pages={12--16},
  year={2012}
}

@inproceedings{smirnov2014mobile,
  title={Mobile application for guiding tourist activities: tourist assistant-tais},
  author={Smirnov, Alexander and Kashevnik, Alexey and Shilov, Nikolay and Teslya, Nikolay and Shabaev, Anton},
  booktitle={Proceedings of 16th Conference of Open Innovations Association FRUCT},
  pages={95--100},
  year={2014},
  organization={IEEE}
}

@MISC{Oprahmag_TravelApps,
  Hyphenation = {english},
  author = 	 {OprahMagazine},
  title = {12 Travel Apps That'll Make Your Next Adventure Easier},
 url = {https://www.oprahmag.com/life/g25563106/best-travel-apps/},
 year = {2019},
 urldate = {2011-06-11}
}

@MISC{OpenData_definition,
  author = 	 {Open Knowledge Foundation},
  title = {Τι είναι τα Ανοιχτά Δεδομένα;},
 url = {https://opendatahandbook.org/guide/el/what-is-open-data/},
 year = {2019},
 urldate = {2011-06-11}
}

@article{davies2012might,
  title={How might open data contribute to good governance},
  author={Davies, Tim},
  journal={Commonwealth Governance Handbook},
  volume={13},
  pages={148--150},
  year={2012}
}

@phdthesis{fielding_rest,
  author={Fielding, Roy Thomas},
  title={Architectural Styles and the Design of Network-based Software Architectures},
  school={University of California},
  year={2000},
  type={{Ph.D.} dissertation}
}

@Book{AgilePrinciplesC,
  Hyphenation =	 {english},
  author = 	 {Martin C. Robert, Martin Micah},
  title = 	 {Agile Principles, Patterns, and Practices in C\#},
  publisher = {Prentice Hall},
  year = 2006
}

@book{schwaber2004agile,
  title={Agile project management with Scrum},
  author={Schwaber, Ken},
  year={2004},
  publisher={Microsoft press}
}

@article{karlesky2008agile,
  title={Agile project management},
  author={Karlesky, Michael and Vander Voord, Mark},
  journal={ESC},
  volume={247},
  number={267},
  pages={4},
  year={2008}
}

@article{preston2013semantic,
  title={Semantic Versioning 2.0. 0},
  author={Preston-Werner, Tom},
  journal={l{\'\i}nea]. Available: http://semver. org},
  year={2013}
}

@misc{android_platform,
  title = {Android Platform Architecture},
  howpublished = {\url{https://developer.android.com/guide/platform}},
  note = {Accessed: 2020-02-18}
}

@misc{hibernate_orm,
  title = {Hibernate ORM},
  howpublished = {\url{https://hibernate.org/orm/}},
  note = {Accessed: 2020-02-22}
}

@misc{spring_security,
  title = {Spring Security},
  howpublished = {\url{https://spring.io/projects/spring-security}},
  note = {Accessed: 2020-02-22}
}

@misc{rabbitmq_features,
  title = {RabbitMQ Features},
  howpublished = {\url{https://www.rabbitmq.com}},
  note = {Accessed: 2020-02-23}
}

@article{berardi2005reasoning,
  title={Reasoning on UML class diagrams},
  author={Berardi, Daniela and Calvanese, Diego and De Giacomo, Giuseppe},
  journal={Artificial intelligence},
  volume={168},
  number={1-2},
  pages={70--118},
  year={2005},
  publisher={Elsevier}
}

@inproceedings{alam2016implementation,
  title={Implementation of haversine formula for counting event visitor in the radius based on Android application},
  author={Alam, Cecep Nurul and Manaf, Khaerul and Atmadja, Aldy Rialdy and Aurum, Digital Khrisna},
  booktitle={2016 4th International Conference on Cyber and IT Service Management},
  pages={1--6},
  year={2016},
  organization={IEEE}
}

@inproceedings{yoga2017implementation,
  title={Implementation of Haversine Formula and Best First Search Method in Searching of Tsunami Evacuation Route},
  author={Yoga Swara, Ganda and others},
  booktitle={IOP Conference Series: Earth and Environmental Science},
  volume={97},
  number={1},
  pages={012004},
  year={2017}
}